<?xml version="1.0" encoding="UTF-8"?><collection xmlns="http://www.loc.gov/MARC21/slim"><record><leader>00438nam--2200157-i-4500</leader><controlfield tag="001">000031770</controlfield><controlfield tag="002">20161230</controlfield><controlfield tag="005">20170127211801</controlfield><controlfield tag="008">060222s1000------------r-----000-0-eng-d</controlfield><datafield ind1=" " ind2=" " tag="100"><subfield code="a">Matthaei, George L</subfield></datafield><datafield ind1=" " ind2=" " tag="245"><subfield code="a">Microwave filters, impedance-matching networks and coupling structures</subfield></datafield><datafield ind1=" " ind2=" " tag="260"><subfield code="a">New York</subfield><subfield code="b">Mcgraw-hill Book Co</subfield><subfield code="c">1964</subfield></datafield><datafield ind1=" " ind2=" " tag="300"><subfield code="a">XV + 1096 p</subfield></datafield><datafield ind1=" " ind2=" " tag="700"><subfield code="a">Young, Leo</subfield></datafield><datafield ind1=" " ind2=" " tag="852"><subfield code="a">21829</subfield></datafield><datafield ind1=" " ind2=" " tag="CAT"><subfield code="a">SYS</subfield><subfield code="c">20170127</subfield><subfield code="h">211801</subfield></datafield></record></collection>